@article{Kadowaki_1998,
   title={Quantum annealing in the transverse Ising model},
   volume={58},
   ISSN={1095-3787},
   url={http://dx.doi.org/10.1103/PhysRevE.58.5355},
   DOI={10.1103/physreve.58.5355},
   number={5},
   journal={Physical Review E},
   publisher={American Physical Society (APS)},
   author={Kadowaki, Tadashi and Nishimori, Hidetoshi},
   year={1998},
   month=nov, pages={5355–5363} }
@book{nishimori_ohzeki_quantum_annealing_basics,
  title     = {量子アニーリングの基礎},
  author    = {西森 秀稔 , 大関 真之},
  year      = {2018},
  publisher = {共立出版},
  address   = {東京},
  series    = {基本法則から読み解く物理学最前線},
  volume    = {18},
  isbn      = {978-4-320-03538-6},
  note      = {Elements of Quantum Annealing}
}

@article{hen2016driver,
  title={Driver Hamiltonians for constrained optimization in quantum annealing},
  author={Hen, Itay and Sarandy, Marcelo S},
  journal={Physical Review A},
  volume={93},
  number={6},
  pages={062312},
  year={2016},
  publisher={APS}
}@article{hen2016quantum,
  title={Quantum annealing for constrained optimization},
  author={Hen, Itay and Spedalieri, Federico M},
  journal={Physical Review Applied},
  volume={5},
  number={3},
  pages={034007},
  year={2016},
  publisher={APS}
}@article{leipold2022quantum,
  title={Quantum annealing with special drivers for circuit fault diagnostics},
  author={Leipold, Hannes and Spedalieri, Federico M},
  journal={Scientific reports},
  volume={12},
  number={1},
  pages={11691},
  year={2022},
  publisher={Nature Publishing Group UK London}
}
@article{Marto_k_2004,
   title={Quantum annealing of the traveling-salesman problem},
   volume={70},
   ISSN={1550-2376},
   url={http://dx.doi.org/10.1103/PhysRevE.70.057701},
   DOI={10.1103/physreve.70.057701},
   number={5},
   journal={Physical Review E},
   publisher={American Physical Society (APS)},
   author={Martoňák, Roman and Santoro, Giuseppe E. and Tosatti, Erio},
   year={2004},
   month=nov }
@article{Okada_2019,
   title={Efficient partition of integer optimization problems with one-hot encoding},
   volume={9},
   ISSN={2045-2322},
   url={http://dx.doi.org/10.1038/s41598-019-49539-6},
   DOI={10.1038/s41598-019-49539-6},
   number={1},
   journal={Scientific Reports},
   publisher={Springer Science and Business Media LLC},
   author={Okada, Shuntaro and Ohzeki, Masayuki and Taguchi, Shinichiro},
   year={2019},
   month=sep }
@article{Rosenberg_2016,
   title={Solving the Optimal Trading Trajectory Problem Using a Quantum Annealer},
   volume={10},
   ISSN={1941-0484},
   url={http://dx.doi.org/10.1109/JSTSP.2016.2574703},
   DOI={10.1109/jstsp.2016.2574703},
   number={6},
   journal={IEEE Journal of Selected Topics in Signal Processing},
   publisher={Institute of Electrical and Electronics Engineers (IEEE)},
   author={Rosenberg, Gili and Haghnegahdar, Poya and Goddard, Phil and Carr, Peter and Wu, Kesheng and de Prado, Marcos Lopez},
   year={2016},
   month=sep, pages={1053–1060} }

@article{Hernandez_2017,
   title={Enhancing quantum annealing performance for the molecular similarity problem},
   volume={16},
   ISSN={1573-1332},
   url={http://dx.doi.org/10.1007/s11128-017-1586-y},
   DOI={10.1007/s11128-017-1586-y},
   number={5},
   journal={Quantum Information Processing},
   publisher={Springer Science and Business Media LLC},
   author={Hernandez, Maritza and Aramon, Maliheh},
   year={2017},
   month=apr }
   
@article{Morita_2008,
   title={Mathematical foundation of quantum annealing},
   volume={49},
   ISSN={1089-7658},
   url={http://dx.doi.org/10.1063/1.2995837},
   DOI={10.1063/1.2995837},
   number={12},
   journal={Journal of Mathematical Physics},
   publisher={AIP Publishing},
   author={Morita, Satoshi and Nishimori, Hidetoshi},
   year={2008},
   month=dec }

@ARTICLE{9224181,
  author={Krauss, Thomas and McCollum, Joey and Pendery, Chapman and Litwin, Sierra and Michaels, Alan J.},
  journal={IEEE Transactions on Quantum Engineering}, 
  title={Solving the Max-Flow Problem on a Quantum Annealing Computer}, 
  year={2020},
  volume={1},
  number={},
  pages={1-10},
  keywords={Qubit;Annealing;Directed graphs;Simulated annealing;Linear programming;Maximum flow problem;minimum cut problem;quantum annealing;quantum computing;simulated annealing},
  doi={10.1109/TQE.2020.3031085}}

@article{Abel2022Quantum,
  title={Quantum optimization of complex systems with a quantum annealer},
  author={S. Abel and A. Blance and M. Spannowsky},
  journal={Physical Review A},
  volume={106},
  pages={042607},
  year={2022},
  publisher={APS},
  url={https://journals.aps.org/pra/abstract/10.1103/PhysRevA.106.042607},
  note={arXiv preprint available at https://arxiv.org/pdf/2105.13945}
}
@article{FernandezLorenzo2021Hybrid,
  title={Hybrid quantum–classical optimization with cardinality constraints and applications to finance},
  author={S. Fernández-Lorenzo and D. Porras},
  journal={Quantum Science and Technology},
  volume={6},
  number={3},
  pages={035019},
  year={2021},
  publisher={IOP Science},
  url={https://iopscience.iop.org/article/10.1088/2058-9565/abf9af/meta},
  note={Preprint available at https://digital.csic.es/bitstream/10261/257907/1/Hybrid%20quantum-classical%20optimization.pdf}
}
@article{PerezArmas2024Solving,
  title={Solving the resource constrained project scheduling problem with quantum annealing},
  author={L. F. Pérez Armas and S. Creemers and S. Deleplanque},
  journal={Scientific Reports},
  volume={14},
  year={2024},
  publisher={Nature},
  url={https://www.nature.com/articles/s41598-024-67168-6},
  note={Available at https://www.nature.com/articles/s41598-024-67168-6.pdf}
}
@misc{herman2022surveyquantumcomputingfinance,
      title={A Survey of Quantum Computing for Finance}, 
      author={Dylan Herman and Cody Googin and Xiaoyuan Liu and Alexey Galda and Ilya Safro and Yue Sun and Marco Pistoia and Yuri Alexeev},
      year={2022},
      eprint={2201.02773},
      archivePrefix={arXiv},
      primaryClass={quant-ph},
      url={https://arxiv.org/abs/2201.02773}, 
}
@article{bergstra2011algorithms,
  title   = {Algorithms for hyper-parameter optimization},
  author  = {Bergstra, James and Bardenet, R{\'e}mi and Bengio, Yoshua and K{\'e}gl, Bal{\'a}zs},
  journal = {Advances in neural information processing systems},
  volume  = {24},
  year    = {2011}
}
@article{boothby2019d,
  title  = {D-Wave 量子プロセッサの次世代トポロジー},
  author = {Boothby, Kelly and Bunyk, Paul and Raymond, Jack and Roy, Aidan},
  year   = {2019}
}
@article{headquarters2020量子アニーリング向きの良い問題の選択,
  title  = {量子アニーリング向きの良い問題の選択},
  author = {Headquarters, Corporate},
  year   = {2020}
}
@article{lucas2014ising,
  title     = {Ising formulations of many NP problems},
  author    = {Lucas, Andrew},
  journal   = {Frontiers in physics},
  volume    = {2},
  pages     = {5},
  year      = {2014},
  publisher = {Frontiers}
}
@article{ohzeki2019control,
  title     = {Control of automated guided vehicles without collision by quantum annealer and digital devices},
  author    = {Ohzeki, Masayuki and Miki, Akira and Miyama, Masamichi J and Terabe, Masayoshi},
  journal   = {Frontiers in Computer Science},
  volume    = {1},
  pages     = {9},
  year      = {2019},
  publisher = {Frontiers Media SA}
}
@misc{Openjij,
  title        = {Openjij},
  howpublished = {https://www.openjij.org},
  note         = {参照(2024/02/17)}
}@misc{Optuna,
  title        = {Optuna},
  howpublished = {https://www.preferred.jp/ja/projects/optuna/},
  note         = {参照(2024/02/17)}
}@misc{PyQUBO,
  title        = {PyQUBO},
  howpublished = {https://pyqubo.readthedocs.io/en/latest/},
  note         = {参照(2024/03/02)}
}
@article{倉又迪哉2022量子アニーリングと組合せ最適化,
  title   = {量子アニーリングと組合せ最適化},
  author  = {倉又迪哉 and 中田和秀},
  journal = {オペレーションズ・リサーチ= Communications of the Operations Research Society of Japan: 経営の科学},
  volume  = {67},
  number  = {6},
  pages   = {280--289},
  year    = {2022}
}
@article{村田幸弘2007ペナルティ法による目的関数生成における重み付け自動化,
  title   = {ペナルティ法による目的関数生成における重み付け自動化},
  author  = {村田幸弘 and 安藤竜弥 and 阿部充志 and others},
  journal = {情報処理学会論文誌数理モデル化と応用 (TOM)},
  volume  = {48},
  number  = {SIG19 (TOM19)},
  pages   = {99--106},
  year    = {2007}
}@article{大関真之2011KJ00007143531,
  title   = {量子アニーリング （解説）},
  author  = {大関 真之 and 西森 秀稔},
  journal = {日本物理学会誌},
  volume  = {66},
  number  = {4},
  pages   = {252-258},
  year    = {2011},
  doi     = {10.11316/butsuri.66.4_252}
}
@article{大関真之2018量子アニーリングによる組合せ最適化,
  title   = {量子アニーリングによる組合せ最適化},
  author  = {大関真之},
  journal = {オペレーションズ・リサーチ},
  volume  = {63},
  pages   = {326--334},
  year    = {2018}
}@article{田中宗2018量子アニーリングの基礎と応用事例の現状,
  title     = {量子アニーリングの基礎と応用事例の現状},
  author    = {田中宗 and 棚橋耕太郎 and 本橋智光 and 高柳慎一},
  journal   = {低温工学},
  volume    = {53},
  number    = {5},
  pages     = {287--294},
  year      = {2018},
  publisher = {公益社団法人 低温工学・超電導学会 (旧 社団法人 低温工学協会)}
}@article{田中宗2019量子アニーリングの動作原理と応用探索,
  title     = {量子アニーリングの動作原理と応用探索},
  author    = {田中宗 and 松田佳希},
  journal   = {計測と制御},
  volume    = {58},
  number    = {3},
  pages     = {203--208},
  year      = {2019},
  publisher = {公益社団法人 計測自動制御学会}
}@article{田中宗2021量子アニーリング等イジングマシンの現状と展望,
  title   = {量子アニーリング等イジングマシンの現状と展望},
  author  = {田中宗 and others},
  journal = {DA シンポジウム 2021 論文集},
  volume  = {2021},
  pages   = {128--133},
  year    = {2021}
}@article{湊淳1996シミュレーテッドアニーリング法を用いた座席決定アルゴリズムの開発,
  title     = {シミュレーテッドアニーリング法を用いた座席決定アルゴリズムの開発},
  author    = {湊淳},
  journal   = {計測自動制御学会論文集},
  volume    = {32},
  number    = {7},
  pages     = {1129--1134},
  year      = {1996},
  publisher = {The Society of Instrument and Control Engineers}
}@article{鈴木正2008組み合わせ最適化問題と量子アニーリング,
  title     = {組み合わせ最適化問題と量子アニーリング: 量子断熱発展の理論と性能評価},
  author    = {鈴木正},
  journal   = {物性研究},
  volume    = {90},
  number    = {4},
  pages     = {598--676},
  year      = {2008},
  publisher = {物性研究刊行会}
}@ARTICLE{10246152,
  author={Debevere, Pieter and Sugimura, Masahiko and Parizy, Matthieu},
  journal={IEEE Access}, 
  title={Quadratic Unconstrained Binary Optimization for the Automotive Paint Shop Problem}, 
  year={2023},
  volume={11},
  number={},
  pages={97769-97777},
  keywords={Paints;Automobiles;Color;Image color analysis;Optimization;Automotive engineering;Mathematical models;Quadratic programming;Automotive paint shop;evolutionary algorithms;k-hot constraints;quadratic unconstrained binary optimization;scatter search},
  doi={10.1109/ACCESS.2023.3313102}}
